<record><leader>00000cas a22000007a 4500</leader><controlfield tag="001">17912496</controlfield><controlfield tag="008">880506d18uu1853pauwr ne      0    0eng d</controlfield><datafield ind1=" " ind2=" " tag="010"><subfield code="a">sn 88079312 </subfield></datafield><datafield ind1=" " ind2=" " tag="040"><subfield code="a">NPH</subfield><subfield code="b">eng</subfield><subfield code="c">NPH</subfield><subfield code="d">OCLCQ</subfield></datafield><datafield ind1=" " ind2=" " tag="042"><subfield code="a">msc</subfield></datafield><datafield ind1="0" ind2="0" tag="245"><subfield code="a">Olive branch, and herald of temperance.</subfield></datafield><datafield ind1=" " ind2=" " tag="260"><subfield code="a">Doylestown, Pa. :</subfield><subfield code="b">F.P. Sellers,</subfield><subfield code="c">-1853.</subfield></datafield><datafield ind1=" " ind2=" " tag="300"><subfield code="a">v.</subfield></datafield><datafield ind1=" " ind2=" " tag="310"><subfield code="a">Weekly</subfield></datafield><datafield ind1="0" ind2=" " tag="362"><subfield code="a">-new ser. v. 12, no. 2 (July 12, 1853).</subfield></datafield><datafield ind1=" " ind2=" " tag="588"><subfield code="a">Description based on: Vol. 8, no. 412 (May 14, 1850).</subfield></datafield><datafield ind1=" " ind2=" " tag="752"><subfield code="a">United States</subfield><subfield code="b">Pennsylvania</subfield><subfield code="c">Bucks</subfield><subfield code="d">Doylestown.</subfield></datafield><datafield ind1="0" ind2="0" tag="780"><subfield code="t">Olive branch (Doylestown, Pa.)</subfield><subfield code="w">(DLC)sn 86053800</subfield></datafield><datafield ind1="0" ind2="0" tag="785"><subfield code="t">Olive branch and herald of reform</subfield><subfield code="w">(DLC)sn 88079313</subfield></datafield></record>